@article{carlsson2011higher,
  title={Higher topological cyclic homology and the {Segal} conjecture for tori},
  author={Carlsson, Gunnar and Douglas, Christopher L and Dundas, Bj{\o}rn Ian},
  journal={Advances in Mathematics},
  volume={226},
  number={2},
  pages={1823--1874},
  year={2011},
  publisher={Elsevier}
}
@article{brun2010covering,
  title={Covering homology},
  author={Brun, Morten and Carlsson, Gunnar and Dundas, Bj{\o}rn Ian},
  journal={Advances in Mathematics},
  volume={225},
  number={6},
  pages={3166--3213},
  year={2010},
  publisher={Elsevier}
}
@book{dundas2012local,
  title={The local structure of algebraic {K}-theory},
  author={Dundas, Bj{\o}rn Ian and Goodwillie, Thomas G and McCarthy, Randy},
  volume={18},
  year={2012},
  publisher={Springer Science \& Business Media}
}
@article{dress1988burnside,
  title={The {Burnside} ring of profinite groups and the {Witt} vector construction},
  author={Dress, Andreas WM and Siebeneicher, Christian},
  journal={Advances in Mathematics},
  volume={70},
  number={1},
  pages={87--132},
  year={1988},
  publisher={Elsevier}
}
@article{elliott2006constructing,
  title={Constructing {Witt-Burnside} rings},
  author={Elliott, Jesse},
  journal={Advances in Mathematics},
  volume={203},
  number={1},
  pages={319--363},
  year={2006},
  publisher={Elsevier}
}
@incollection{bousfield1978homotopy,
  title={Homotopy theory of {$\Gamma$}-spaces, spectra, and bisimplicial sets},
  author={Bousfield, Aldridge K and Friedlander, Eric M},
  booktitle={Geometric applications of homotopy theory II},
  pages={80--130},
  year={1978},
  publisher={Springer}
}
@article{hesselholt1996p-typical,
  title={On the $p$-typical curves in {Quillen's} {$K$}-theory},
  author={Hesselholt, Lars},
  journal={Acta Mathematica},
  volume={177},
  number={1},
  pages={1--53},
  year={1996},
  publisher={Springer}
}
@MastersThesis{krasontovitsch2012signed,
	author={Valentin Krasontovitsch},
	title={{Signed {Spectra}}},
	school={University of Bonn},
	address={Germany},
	year={2012},
	}
@book{mac1978categories,
  title={Categories for the working mathematician},
  author={Mac Lane, Saunders},
  volume={5},
  year={1978},
  publisher={Springer Science \& Business Media}
}
@inproceedings{hesselholt2004rham,
  title={On the de~{Rham-Witt} complex in mixed characteristic},
  author={Hesselholt, Lars and Madsen, Ib},
  booktitle={Annales scientifiques de l'Ecole normale sup{\'e}rieure},
  volume={37},
  issue={1},
  pages={1--43},
  year={2004}
}
@article{beck2003triples,
	title={Triples, algebras and cohomology},
  author={Beck, JM},
  year={2003},
  journal={Reprints in Theory and Applications of Categories},
  volume={2},
  pages={1--59}
}
@book{ravenel1992nilpotence,
  title={Nilpotence and periodicity in stable homotopy theory},
  author={Ravenel, Douglas C},
  number={128},
  series={Annals of Mathematics Studies},
  year={1992},
  publisher={Princeton University Press}
}
@article{ausoni2008chromatic,
  title={The chromatic red-shift in algebraic {K}-theory},
  author={Ausoni, Christian and Rognes, John},
  journal={L'Enseignement Math{\'e}matique},
  year={2008}
}
@article{loday1989operations,
  title={Op{\'e}rations sur l'homologie cyclique des alg{\`e}bres commutatives},
  author={Loday, Jean-Louis},
  journal={Inventiones mathematicae},
  volume={96},
  number={1},
  pages={205--230},
  year={1989},
  publisher={Springer}
}
@phdthesis{stolz2011equivariant,
  title={Equivariant structure on smash powers of commutative ring spectra},
  author={Stolz, Martin},
  year={2011},
  school={PhD thesis, University of Bergen}
}
@article{hesselholt2015big,
author="Hesselholt, Lars",
title="The big {de~Rham-Witt} complex",
journal="Acta Mathematica",
year="2015",
volume="214",
number="1",
pages="135--207",
issn="1871-2509",
doi="10.1007/s11511-015-0124-y",
url="http://dx.doi.org/10.1007/s11511-015-0124-y"
}
@inproceedings{benabou1967introduction,
  title={Introduction to bicategories},
  author={B{\'e}nabou, Jean},
  booktitle={Reports of the Midwest Category Seminar},
  pages={1--77},
  year={1967},
  organization={Springer}
}
